@article{paper_based_document_authentication,
	title = {Paper-based Document Authentication using Digital Signature and QR Code},
	journal = {4TH International Conference on Computer Engineering and Technology, (ICCET 2012).},
	author = {Maykin Warasart, Pramote Kuacharoen},
	year = {2012},
}

@article{e-qualification_certificate_system,
	title = {Towards a framework of A Secure E-Qualification Certificate System},
	journal = {Second International Conference on Computer Modeling and Simulation, 2010},
	author = {Lisha Chen-Wilson, Dr David Argle},
	year = {2010},
}

@article{bitcoin_paper,
	title = {Bitcoin: A Peer-to-Peer Electronic Cash System },
	author = {Satoshi Nakamoto},
	year = {2008},
	url={www.bitcoin.org}
}

@article{educational_certificate_verification_system_using_blockchain,
	title = {Educational Certificate Verification System Using Blockchain},
	volume = {9},
	number = {3},
	journal = {International journal of scientific And technology research},
	author = {Dinesh Kumar K, Senthil P , Manoj Kumar D.S},
	month = march,
	year = {2020},
}

@article{IPFS,
	title = {IPFS: Content Addressed, Versioned, P2P File System },
	number = {3},
	author = {Juan Benet},
	month = july,
	year = {2014},
}

@article{ipfsbasedmodelforblockchain,
	title = {An innovative IPFS-Based Storage model for Blockchain},
	journal = {IEEE/WIC/ACM International Conference on Web Intelligence (WI)},
	author = {Qiuhong Zheng, Yi Li, Ping chen, Xinghua Dong},
	year = {2018},
}

@article{tamper_proof_certification,
	title = {Tamper Proof Certificate Management System},
	journal = {IEEE Conference on Information and Communication Technology},
	year = {2019},
}

@article{blockcert_based_birthdeathcertifcates,
	title = {Blockchain-Blockcerts based Birth/Death Certificate Registration and Validation},
	journal = {International Journal of Information Technology (IJIT)},
	author = {Nitesh Sharma, Mohammad Afzal, Asst. Prof Ankita Dixit},
	year = {2021},
	volume = {7},
	number = {5},
	month  = {Sept-Oct},
}
